@preamble{ "\newcommand{\noopsort}[1]{} "
	# "\newcommand{\printfirst}[2]{#1} "
	# "\newcommand{\singleletter}[1]{#1} "
	# "\newcommand{\switchargs}[2]{#2#1} " }

@misc{imperva,
	author	= {Imperva},
	title	= {What Is a Reverse Shell | Examples \& Prevention Techniques},
	year		= {2025},
	url		= {https://www.imperva.com/learn/application-security/reverse-shell/},
	urldate	= {2025-01-07}
}

@misc{cheatsheet1,
  author		= {Swisskyrepo},
  title		= {Reverse Shell Cheat Sheet},
  year		= {2025},
  url		= {https://swisskyrepo.github.io/InternalAllTheThings/cheatsheets/shell-reverse-cheatsheet/},
  urldate	= {2025-01-07}
}

@misc{cheatsheet2,
	author	= {Phillips321},
	title	= {Reverse Shell Cheat Sheet},
	year		= {2012},
	month	= feb,
	url		= {https://www.phillips321.co.uk/2012/02/05/reverse-shell-cheat-sheet/},
	urldate	= {2024-12-06}
}

@misc{cheatsheet3,
	author	= {Arr0way},
	title	= {Reverse Shell Cheat Sheet: PHP, ASP, Netcat, Bash \& Python},
	year		= {2024},
	url		= {https://highon.coffee/blog/reverse-shell-cheat-sheet/},
	urldate	= {2025-01-07}
}

@misc{metasploit,
	author	= {RAPID7},
	title	= {Metasploit Project},
	year		= {2025},
	url		= {https://www.metasploit.com/},
	urldate	= {2025-01-07}
}

@misc{cobaltstrike,
	author	= {Strategic Cyber LLC},
	title	= {Cobalt Strike},
	year		= {2025},
	url		= {https://www.cobaltstrike.com},
	urldate	= {2025-01-07}
}

@misc{gnu-about,
	author	= {Free Software Foundation},
	title	= {GNU in a Nutshell},
	year		= {2021},
	url		= {https://www.gnu.org/gnu/about-gnu.html},
	urldate	= {2025-05-02}
}

@misc{kornshell-wiki,
	author	= {Wikipedia},
	title	= {KornShell --- Wikipedia{,} The Free Encyclopedia},
	year		= {2025},
	url		= {http://en.wikipedia.org/w/index.php?title=KornShell&oldid=1281400411},
	urldate	= {2025-05-03}
}

@misc{shell-comparison-wiki,
	author	= {Wikipedia},
	title	= {Comparison of command shells --- Wikipedia{,} The Free Encyclopedia},
	year		= {2025},
	url		= {https://en.wikipedia.org/wiki/Comparison_of_command_shells},
	urldate	= {2025-05-03}
}


@manual{chroot-man,
	author	= {Debian Developers},
	title	= {chroot(8) --- User Commands},
	year		= {2021},
	url		= {https://manpages.debian.org/bullseye/coreutils/chroot.8.en.html},
	urldate	= {2025-03-06}
}

@manual{nc-man,
	author	= {Eric Jackson},
	title	= {nc(1) --- General Commands Manual},
	year		= {2022},
	url		= {https://manpages.debian.org/unstable/netcat-openbsd/nc.1.en.html},
	urldate	= {2025-03-03}
}

@manual{ncat-man,
	author	= {The Nmap Project},
	title	= {ncat(1) --- Ncat Reference Guide},
	year		= {2022},
	url		= {https://manpages.debian.org/unstable/ncat/ncat.1.en.html},
	urldate	= {2025-03-03}
}

@manual{openssl-doc,
	author	= {OpenSSL Project},
	title	= {OpenSSL Documentation},
	year		= {2024},
	url		= {https://docs.openssl.org/master/},
	urldate	= {2025-03-03}
}

@manual{socket-man,
	author	= {Juergen Nickelsen},
	title	= {socket(1) --- General Commands Manual},
	year		= {1992},
	url		= {https://manpages.debian.org/stretch/socket/socket.1.en.html},
	urldate	= {2025-04-30}
}

@manual{sh-man,
	author	= {IEEE and The Open Group},
	title	= {sh(1p) --- Linux manual page},
	year		= {2017},
	url		= {https://man7.org/linux/man-pages/man1/sh.1p.html},
	urldate	= {2025-03-04}
}

@manual{zshmodules-man,
	author	= {Zsh Development Team},
	title	= {zshmodules(1) --- Zsh modules manual},
	year		= {2021},
	url		= {https://manpages.debian.org/bullseye/zsh-common/zshmodules.1.en.html},
	urldate = {2025-05-02}
}

@manual{zsh-net-tcp-doc,
	author	= {Zsh Development Team},
	title	= {The zsh/net/tcp Module --- Zsh Modules},
	year		= {2025},
	url		= {https://zsh.sourceforge.io/Doc/Release/Zsh-Modules.html#The-zsh_002fnet_002ftcp-Module},
	urldate	= {2025-05-02}
}

@manual{curl-man,
	author	= {Daniel Stenberg},
	title	= {curl(1) --- Curl Manual},
	year		= {2016},
	url		= {https://manpages.debian.org/stretch/curl/curl.1.en.html},
	urldate	= {2025-05-01}
}

@manual{python-man,
	author	= {The Python Software Foundation},
	title	= {python(1) --- General Commands Manual},
	year		= {2023},
	url		= {https://manpages.debian.org/bookworm/python3-minimal/python3.1.en.html},
	urldate	= {2025-05-05}
}

@manual{perl-man,
	author	= {Larry Wall},
	title	= {perl(1) --- Perl Programmers Reference Guide},
	year		= {2024},
	url		= {https://manpages.debian.org/testing/perl-base/perl.1.en.html},
	urldate	= {2025-05-05}
}

@manual{cpan-man,
	author	= {Andreas Koenig},
	title	= {cpan(3) --- Linux man page},
	year		= {2025},
	url		= {https://linux.die.net/man/3/cpan},
	urldate	= {2025-05-05}
}

@manual{php-man,
	author	= {The PHP Group},
	title	= {php(1) --- Linux man page},
	year		= {2025},
	url		= {https://linux.die.net/man/1/php},
	urldate	= {2025-05-05}
}

@manual{socat-man,
	author	= {Gerhard Rieger},
	title	= {socat(1) --- Linux manual page},
	year		= {2022},
	url		= {https://manpages.debian.org/testing/socat/socat.1.en.html},
	urldate	= {2025-03-04}
}

@article{LOTL,
	author	= {Trizna, Dmitrijs and Demetrio, Luca and Biggio, Battista and Roli, Fabio},
	title	= {Living-off-The-Land Reverse-Shell Detection by Informed Data Augmentation},
	year		= {2024},
	month	= feb,
	url		= {https://arxiv.org/abs/2402.18329v1},
	journal	= {arXiv preprint arXiv:2402.18329}
}

@article{cluster25,
	author		= {Cluster25 Threat Intel Team},
	title		= {{CVE-2023-38831} Exploited by Pro-Russia Hacking Groups in RU-UA Conflict Zone for Credential Harvesting Operations},
	year			= {2023},
	month		= oct,
	url			= {https://www.duskrise.com/2023/10/12/cve-2023-38831-exploited-by-pro-russia-hacking-groups-in-ru-ua-conflict-zone-for-credential-harvesting-operations/},
	journal		= {Duskrise Blog},
	publisher	= {Duskrise}
}

@article{LOTL-def,
	author	= {Frederick Barr-Smith and Xabier Ugarte-Pedrero and Mariano Graziano and Riccardo Spolaor and Ivan Martinovic},
	title	= {Survivalism: Systematic Analysis of Windows Malware Living-Off-The-Land},
	journal	= {Proceedings of the 2021 IEEE Symposium on Security and Privacy (SP)},
	year		= {2021},
	pages	= {1443--1460},
	url		= {https://cumberland.isis.vanderbilt.edu/cs8395/content/p2-opt-off-land.pdf}
}

@article{BrokenSesame,
	author	= {Wiz Research Team},
	title	= {\#BrokenSesame: Accidental `write' permissions to private registry allowed potential RCE to Alibaba Cloud Database Services},
	journal	= {Wiz Blog},
	year		= {2023},
	url		= {https://www.wiz.io/blog/brokensesame-accidental-write-permissions-to-private-registry-allowed-potential-r}
}

@article{npm-vulnerability,
	author	= {Ravie Lakshmanan},
	title	= {48 Malicious npm Packages Found Deploying Reverse Shells on Developer Systems},
	journal	= {The Hacker News},
	year		= {2023},
	url		= {https://thehackernews.com/2023/11/48-malicious-npm-packages-found.html}
}
